<?xml version="1.0" encoding="UTF-8"?><collection xmlns="http://www.loc.gov/MARC21/slim"><record><leader>00350nam--2200145-i-4500</leader><controlfield tag="001">000005185</controlfield><controlfield tag="002">20161230</controlfield><controlfield tag="005">20170114214644</controlfield><controlfield tag="008">060222s1000------------r-----000-0-eng-d</controlfield><datafield ind1=" " ind2=" " tag="245"><subfield code="a">Exploding wires. ed..</subfield></datafield><datafield ind1=" " ind2=" " tag="260"><subfield code="a">New York</subfield><subfield code="b">Plenum Press,Inc</subfield><subfield code="c">1959</subfield></datafield><datafield ind1=" " ind2=" " tag="300"><subfield code="a">373 p</subfield></datafield><datafield ind1=" " ind2=" " tag="700"><subfield code="a">Moore, Howard K</subfield></datafield><datafield ind1=" " ind2=" " tag="852"><subfield code="a">15759</subfield></datafield><datafield ind1=" " ind2=" " tag="CAT"><subfield code="a">SYS</subfield><subfield code="c">20170114</subfield><subfield code="h">214644</subfield></datafield></record></collection>